<record><leader>00000cas a22000007a 4500</leader><controlfield tag="001">20020761</controlfield><controlfield tag="008">890717d191919uuaruwr ne      0    0eng d</controlfield><datafield ind1=" " ind2=" " tag="010"><subfield code="a">sn 89051287 </subfield></datafield><datafield ind1=" " ind2=" " tag="040"><subfield code="a">ANU</subfield><subfield code="b">eng</subfield><subfield code="c">ANU</subfield><subfield code="d">OCLCQ</subfield></datafield><datafield ind1=" " ind2=" " tag="042"><subfield code="a">msc</subfield></datafield><datafield ind1="0" ind2=" " tag="130"><subfield code="a">Dierks banner (Dierks, Ark. : 1919)</subfield></datafield><datafield ind1="1" ind2="0" tag="245"><subfield code="a">Dierks banner.</subfield></datafield><datafield ind1=" " ind2=" " tag="260"><subfield code="a">Dierks, Ark. :</subfield><subfield code="b">C.C. Hudson</subfield></datafield><datafield ind1=" " ind2=" " tag="300"><subfield code="a">v.</subfield></datafield><datafield ind1=" " ind2=" " tag="310"><subfield code="a">Weekly</subfield></datafield><datafield ind1="1" ind2=" " tag="362"><subfield code="a">Began in 1919.</subfield></datafield><datafield ind1=" " ind2=" " tag="588"><subfield code="a">Description based on: Vol. 3, no. 5 (Aug. 4, 1921).</subfield></datafield><datafield ind1=" " ind2=" " tag="752"><subfield code="a">United States</subfield><subfield code="b">Arkansas</subfield><subfield code="c">Howard</subfield><subfield code="d">Dierks.</subfield></datafield></record>